@book{mori2022digital,
  title={演習で学ぶディジタル制御},
  author={森 泰親},
  year={2022},
  publisher={森北出版},
  isbn={978-4627921115},
  language={Japanese}
}